@article{tesinaIA,
    author    = "Altamura A., Di Pasquale D., Tomeo M.",
    title     = "Relaxed Functional Dependencies Discovery",
    journal   = "Unisa",
    year      = "2017",
}
@article{onDiscovery,
    author    = "Caruccio L., Deufemia V., Polese G.",
    title     = "On Discovery of Relaxed Functional Dependencies",
    journal   = "boh",
    year      = "2018",
}